1111111111111111111111111111111111111111111111111111111111
Объектно-ориентированное проектирование.
Язык UML
Задание
Создать три вида UML диаграмм: диаграмму классов (Class),
диаграмму прецедентов (UseCase) и диаграмму последовательно-
стей (Sequence) для процесса записи информации на DVD-диск.
Рассмотреть следующие возможные случаи:
1. Запись на диск и верификация завершены успешно;
2. Запись на диск не выполнена по причине недостаточного
свободного места на диске;
3. Запись на диск не выполнена по причине недостаточного
свободного места на диске, но после выполнения финализации
запись успешно выполнена;
4. Запись на диск не выполнена по причине повреждения диска;
5. Запись на диск выполнена, но верификация показала нали-
чие ошибок;
Как вы поступите с диаграммой последовательностей, чтобы
отобразить все перечисленные случаи?

222222222222222222222222222222222222222222222222222222222222
Задание
Создать три вида UML диаграмм: диаграмму классов (Class),
диаграмму прецедентов (UseCase) и диаграмму последовательно-
стей (Sequence) для процесса получения денег в банкомате.
Рассмотреть следующие возможные случаи:
1. Проверка пароля, проверка суммы и выдача денег заверше-
ны успешно;
2. Проверка пароля выполнена успешно, но запрошенная сум-
ма не может быть выдана по причине недостаточного количества
денег на счету клиента;
Как вы поступите с диаграммой последовательностей, чтобы
отобразить все перечисленные случаи?

333333333333333333333333333333333333333333333333333333333333
Объектно-ориентированное проектирование.
Язык UML
Задание
Создать UML диаграмму классов (Class) для отображения ие-
рархии потоковых классов ввода-вывода в C++.


для загрузки дериктории командной строки
Компьютер\HKEY_CURRENT_USER\Software\Microsoft\Command Processor
Autorun
cd C:\P11019\Project1\Release\